[gd_scene load_steps=9 format=2]

[ext_resource path="res://assets/traps/plant/plant_active.png" type="Texture" id=1]
[ext_resource path="res://assets/ui/exit_icon.png" type="Texture" id=2]
[ext_resource path="res://assets/ui/panel_background.png" type="Texture" id=3]
[ext_resource path="res://assets/ui/restart_icon.png" type="Texture" id=4]
[ext_resource path="res://assets/font_header.tres" type="DynamicFont" id=5]
[ext_resource path="res://assets/font_title.tres" type="DynamicFont" id=6]
[ext_resource path="res://assets/theme.tres" type="Theme" id=7]
[ext_resource path="res://components/_root-scenes/end.gd" type="Script" id=8]

[node name="Win" type="Control"]
anchor_right = 1.0
anchor_bottom = 1.0
theme = ExtResource( 7 )
script = ExtResource( 8 )

[node name="TextureRect" type="TextureRect" parent="."]
anchor_right = 1.0
anchor_bottom = 1.0
texture = ExtResource( 3 )
expand = true
stretch_mode = 2

[node name="CenterContainer" type="CenterContainer" parent="."]
anchor_right = 1.0
anchor_bottom = 1.0

[node name="ContentContainer" type="VBoxContainer" parent="CenterContainer"]
margin_left = 426.0
margin_top = 299.0
margin_right = 1494.0
margin_bottom = 780.0
custom_constants/separation = 64

[node name="Label" type="Label" parent="CenterContainer/ContentContainer"]
margin_right = 1068.0
margin_bottom = 87.0
custom_colors/font_color = Color( 0, 1, 0.368627, 0.686275 )
custom_fonts/font = ExtResource( 5 )
text = "Success!"
align = 1

[node name="Label2" type="Label" parent="CenterContainer/ContentContainer"]
margin_top = 151.0
margin_right = 1068.0
margin_bottom = 289.0
custom_colors/font_color = Color( 1, 1, 1, 0.588235 )
custom_fonts/font = ExtResource( 6 )
text = "After harvesting enough souls from the unknowing adventurers,
we could dissolve the [REDACTED] monster, forever shielding
the world from its otherwise inevitable destruction."
align = 1

[node name="ButtonsContainer" type="HBoxContainer" parent="CenterContainer/ContentContainer"]
margin_top = 353.0
margin_right = 1068.0
margin_bottom = 481.0
custom_constants/separation = 64
alignment = 1

[node name="RestartButton" type="Button" parent="CenterContainer/ContentContainer/ButtonsContainer"]
margin_left = 374.0
margin_right = 502.0
margin_bottom = 128.0
hint_tooltip = "Try again"
icon = ExtResource( 4 )

[node name="ExitButton" type="Button" parent="CenterContainer/ContentContainer/ButtonsContainer"]
margin_left = 566.0
margin_right = 694.0
margin_bottom = 128.0
hint_tooltip = "Exit"
icon = ExtResource( 2 )

[node name="TextureRect2" type="TextureRect" parent="."]
anchor_left = 0.9
anchor_right = 1.0
anchor_bottom = 0.15
margin_left = -128.0
margin_top = -128.0
texture = ExtResource( 1 )
expand = true
stretch_mode = 5
flip_h = true
flip_v = true
