[gd_scene load_steps=12 format=2]

[ext_resource path="res://assets/ui/destruct_banner.png" type="Texture" id=1]
[ext_resource path="res://assets/ui/construct_icon.png" type="Texture" id=2]
[ext_resource path="res://assets/ui/construct_banner.png" type="Texture" id=3]
[ext_resource path="res://assets/theme.tres" type="Theme" id=4]
[ext_resource path="res://assets/ui/destruct_icon.png" type="Texture" id=5]
[ext_resource path="res://components/entity_picker/entity_picker.gd" type="Script" id=6]
[ext_resource path="res://assets/ui/trap_icon.png" type="Texture" id=7]
[ext_resource path="res://assets/ui/monster_icon.png" type="Texture" id=8]
[ext_resource path="res://components/entity_picker/entity_card.tscn" type="PackedScene" id=9]
[ext_resource path="res://assets/theme_panel_light.tres" type="StyleBox" id=10]
[ext_resource path="res://assets/ui/maze_extend_icon.png" type="Texture" id=11]

[node name="EntityPicker" type="HBoxContainer"]
anchor_bottom = 1.0
margin_right = 160.0
theme = ExtResource( 4 )
custom_constants/separation = 0
alignment = 2
script = ExtResource( 6 )

[node name="ButtonPanel" type="PanelContainer" parent="."]
margin_right = 160.0
margin_bottom = 1080.0
custom_styles/panel = ExtResource( 10 )

[node name="ButtonsContainer" type="VBoxContainer" parent="ButtonPanel"]
margin_left = 16.0
margin_top = 16.0
margin_right = 144.0
margin_bottom = 1064.0
custom_constants/separation = 16

[node name="ConstructButton" type="Button" parent="ButtonPanel/ButtonsContainer"]
margin_right = 128.0
margin_bottom = 128.0
hint_tooltip = "Construct [Q]"
mouse_default_cursor_shape = 2
theme = ExtResource( 4 )
toggle_mode = true
icon = ExtResource( 2 )

[node name="DestructButton" type="Button" parent="ButtonPanel/ButtonsContainer"]
margin_top = 144.0
margin_right = 128.0
margin_bottom = 272.0
hint_tooltip = "Destruct [E]"
mouse_default_cursor_shape = 2
theme = ExtResource( 4 )
toggle_mode = true
icon = ExtResource( 5 )

[node name="Spacer" type="Control" parent="ButtonPanel/ButtonsContainer"]
margin_top = 288.0
margin_right = 128.0
margin_bottom = 416.0
rect_min_size = Vector2( 0, 128 )

[node name="ExtendButton" type="Button" parent="ButtonPanel/ButtonsContainer"]
margin_top = 432.0
margin_right = 128.0
margin_bottom = 560.0
hint_tooltip = "Extend Maze
(available every 100 harvested souls)"
mouse_default_cursor_shape = 8
theme = ExtResource( 4 )
disabled = true
toggle_mode = true
icon = ExtResource( 11 )

[node name="ConstructBanner" type="TextureRect" parent="."]
visible = false
margin_left = 1888.0
margin_right = 1920.0
margin_bottom = 1080.0
mouse_filter = 0
texture = ExtResource( 3 )
stretch_mode = 2

[node name="DestructBanner" type="TextureRect" parent="."]
visible = false
margin_left = 160.0
margin_right = 192.0
margin_bottom = 1080.0
mouse_filter = 0
texture = ExtResource( 1 )
stretch_mode = 2

[node name="Panel" type="PanelContainer" parent="."]
visible = false
margin_left = 160.0
margin_right = 1420.0
margin_bottom = 1080.0
rect_min_size = Vector2( 570, 0 )

[node name="Container" type="VBoxContainer" parent="Panel"]
margin_left = 16.0
margin_top = 16.0
margin_right = 1244.0
margin_bottom = 1064.0
custom_constants/separation = 16

[node name="ButtonsContainer" type="HBoxContainer" parent="Panel/Container"]
margin_right = 1228.0
margin_bottom = 128.0
custom_constants/separation = 16

[node name="TrapsButton" type="Button" parent="Panel/Container/ButtonsContainer"]
margin_right = 128.0
margin_bottom = 128.0
rect_min_size = Vector2( 128, 128 )
hint_tooltip = "Traps"
mouse_default_cursor_shape = 2
toggle_mode = true

[node name="CenterContainer" type="CenterContainer" parent="Panel/Container/ButtonsContainer/TrapsButton"]
margin_right = 40.0
margin_bottom = 40.0
rect_min_size = Vector2( 128, 128 )
mouse_filter = 1

[node name="TextureRect" type="TextureRect" parent="Panel/Container/ButtonsContainer/TrapsButton/CenterContainer"]
margin_left = 14.0
margin_top = 14.0
margin_right = 114.0
margin_bottom = 114.0
rect_min_size = Vector2( 100, 100 )
texture = ExtResource( 7 )
expand = true

[node name="MonstersButton" type="Button" parent="Panel/Container/ButtonsContainer"]
margin_left = 144.0
margin_right = 272.0
margin_bottom = 128.0
rect_min_size = Vector2( 128, 128 )
hint_tooltip = "Monsters"
mouse_default_cursor_shape = 2
toggle_mode = true

[node name="CenterContainer" type="CenterContainer" parent="Panel/Container/ButtonsContainer/MonstersButton"]
margin_right = 40.0
margin_bottom = 40.0
rect_min_size = Vector2( 128, 128 )
mouse_filter = 1

[node name="TextureRect" type="TextureRect" parent="Panel/Container/ButtonsContainer/MonstersButton/CenterContainer"]
margin_left = 14.0
margin_top = 14.0
margin_right = 114.0
margin_bottom = 114.0
rect_min_size = Vector2( 100, 100 )
texture = ExtResource( 8 )
expand = true

[node name="CardsContainer" type="GridContainer" parent="Panel/Container"]
margin_top = 144.0
margin_right = 1228.0
margin_bottom = 442.0
custom_constants/vseparation = 32
custom_constants/hseparation = 32
columns = 2

[node name="Control" parent="Panel/Container/CardsContainer" instance=ExtResource( 9 )]
margin_right = 598.0
margin_bottom = 298.0

[node name="Control2" parent="Panel/Container/CardsContainer" instance=ExtResource( 9 )]
margin_left = 630.0
margin_right = 1228.0
margin_bottom = 298.0
